@book{rousseeuw2005robust,
  title={Robust regression and outlier detection},
  author={Rousseeuw, Peter J and Leroy, Annick M},
  volume={589},
  year={2005},
  publisher={John wiley \& sons}
}

@inproceedings{penrose1956best,
  title={On best approximate solutions of linear matrix equations},
  author={Penrose, Roger},
  booktitle={Mathematical Proceedings of the Cambridge Philosophical Society},
  volume={52},
  pages={17--19},
  year={1956},
  organization={Cambridge University Press}
}

@inproceedings{zhao2017control,
  title={Control synthesis for nonlinear optimal control via convex relaxations},
  author={Zhao, Pengcheng and Mohan, Shankar and Vasudevan, Ram},
  booktitle={American Control Conference (ACC), 2017},
  pages={2654--2661},
  year={2017},
  organization={IEEE}
}

@article{patterson2014gpops,
  title={GPOPS-II: A MATLAB software for solving multiple-phase optimal control problems using hp-adaptive Gaussian quadrature collocation methods and sparse nonlinear programming},
  author={Patterson, Michael A and Rao, Anil V},
  journal={ACM Transactions on Mathematical Software (TOMS)},
  volume={41},
  number={1},
  pages={1},
  year={2014},
  publisher={ACM}
}

@inproceedings{hereid2017frost,
  title={FROST∗: Fast robot optimization and simulation toolkit},
  author={Hereid, Ayonga and Ames, Aaron D},
  booktitle={Intelligent Robots and Systems (IROS), 2017 IEEE/RSJ International Conference on},
  pages={719--726},
  year={2017},
  organization={IEEE}
}

@book{polak2012optimization,
  title={Optimization: algorithms and consistent approximations},
  author={Polak, Elijah},
  volume={124},
  year={2012},
  publisher={Springer Science \& Business Media}
}


@book{allgower2012nonlinear,
  title={Nonlinear model predictive control},
  author={Allg{\"o}wer, Frank and Zheng, Alex},
  volume={26},
  year={2012},
  publisher={Birkh{\"a}user}
}

@inproceedings{paulson2014fast,
  title={Fast stochastic model predictive control of high-dimensional systems},
  author={Paulson, Joel A and Mesbah, Ali and Streif, Stefan and Findeisen, Rolf and Braatz, Richard D},
  booktitle={Decision and Control (CDC), 2014 IEEE 53rd Annual Conference on},
  pages={2802--2809},
  year={2014},
  organization={IEEE}
}

@book{boyd2004convex,
  title={Convex optimization},
  author={Boyd, Stephen and Vandenberghe, Lieven},
  year={2004},
  publisher={Cambridge university press}
}

@book{rawlings2009model,
  title={Model predictive control: Theory and design},
  author={Rawlings, James B and Mayne, David Q},
  year={2009},
  publisher={Nob Hill Pub. Madison, Wisconsin},
}

@inproceedings{bruder2017model,
  title={Model based control of fiber reinforced elastofluidic enclosures},
  author={Bruder, Daniel and Sedal, Audrey and Bishop-Moser, Joshua and Kota, Sridhar and Vasudevan, Ram},
  booktitle={Robotics and Automation (ICRA), 2017 IEEE International Conference on},
  pages={5539--5544},
  year={2017},
  organization={IEEE}
};

@inproceedings{sedal2017constitutive,
  title={A constitutive model for torsional loads on fluid-driven soft robots},
  author={Sedal, Audrey and Bruder, Daniel and Bishop-Moser, Joshua and Vasudevan, Ram and Kota, Sridhar},
  booktitle={ASME 2017 International Design Engineering Technical Conferences and Computers and Information in Engineering Conference},
  pages={V05AT08A016--V05AT08A016},
  year={2017},
  organization={American Society of Mechanical Engineers}
};

@inproceedings{bishop2012parallel,
  title={Design of soft robotic actuators using fluid-filled fiber-reinforced elastomeric enclosures in parallel combinations},
  author={Bishop-Moser, Joshua and Krishnan, Girish and Kim, Charles and Kota, Sridhar},
  booktitle={Intelligent Robots and Systems (IROS), 2012 IEEE/RSJ International Conference on},
  pages={4264--4269},
  year={2012},
  organization={IEEE}
};

@article{bishop2015design,
  title={Design and modeling of generalized fiber-reinforced pneumatic soft actuators},
  author={Bishop-Moser, Joshua and Kota, Sridhar},
  journal={IEEE Transactions on Robotics},
  volume={31},
  number={3},
  pages={536--545},
  year={2015},
  publisher={IEEE}
};

@article{walker2013continuous,
  title={Continuous backbone “continuum” robot manipulators},
  author={Walker, Ian D},
  journal={Isrn robotics},
  volume={2013},
  year={2013},
  publisher={Hindawi Publishing Corporation}
};

@article{connolly2015mechanical,
  title={Mechanical programming of soft actuators by varying fiber angle},
  author={Connolly, Fionnuala and Polygerinos, Panagiotis and Walsh, Conor J and Bertoldi, Katia},
  journal={Soft Robotics},
  volume={2},
  number={1},
  pages={26--32},
  year={2015},
  publisher={Mary Ann Liebert, Inc. 140 Huguenot Street, 3rd Floor New Rochelle, NY 10801 USA}
};

@article{tondu2012modelling,
  title={Modelling of the McKibben artificial muscle: A review},
  author={Tondu, Bertrand},
  journal={Journal of Intelligent Material Systems and Structures},
  volume={23},
  number={3},
  pages={225--253},
  year={2012},
  publisher={Sage Publications Sage UK: London, England}
};

@article{rus2015design,
  title={Design, fabrication and control of soft robots},
  author={Rus, Daniela and Tolley, Michael T},
  journal={Nature},
  volume={521},
  number={7553},
  pages={467},
  year={2015},
  publisher={Nature Publishing Group}
};

@article{marchese2015recipe,
  title={A recipe for soft fluidic elastomer robots},
  author={Marchese, Andrew D and Katzschmann, Robert K and Rus, Daniela},
  journal={Soft Robotics},
  volume={2},
  number={1},
  pages={7--25},
  year={2015},
  publisher={Mary Ann Liebert, Inc. 140 Huguenot Street, 3rd Floor New Rochelle, NY 10801 USA}
};

@inproceedings{bishop2013force,
  title={Force and moment generation of fiber-reinforced pneumatic soft actuators},
  author={Bishop-Moser, Joshua and Krishnan, Girish and Kota, Sridhar},
  booktitle={Intelligent Robots and Systems (IROS), 2013 IEEE/RSJ International Conference on},
  pages={4460--4465},
  year={2013},
  organization={IEEE}
};

@article{krishnan2015kinematics,
  title={Kinematics of a generalized class of pneumatic artificial muscles},
  author={Krishnan, Girish and Bishop-Moser, Joshua and Kim, Charles and Kota, Sridhar},
  journal={Journal of Mechanisms and Robotics},
  volume={7},
  number={4},
  pages={041014},
  year={2015},
  publisher={American Society of Mechanical Engineers}
};

@inproceedings{bishop2012parallelsynth,
  title={Kinematic synthesis of fiber reinforced soft actuators in parallel combinations},
  author={Bishop-Moser, Joshua and Krishnan, Girish and Kim, Charles and Kota, Sridhar},
  booktitle={ASME 2012 International Design Engineering Technical Conferences and Computers and Information in Engineering Conference},
  pages={1079--1087},
  year={2012},
  organization={American Society of Mechanical Engineers}
};

@inproceedings{galloway2013mechanically,
  title={Mechanically programmable bend radius for fiber-reinforced soft actuators},
  author={Galloway, Kevin C and Polygerinos, Panagiotis and Walsh, Conor J and Wood, Robert J},
  booktitle={Advanced Robotics (ICAR), 2013 16th International Conference on},
  pages={1--6},
  year={2013},
  organization={IEEE}
};

@article{majidi2014soft,
  title={Soft robotics: a perspective—current trends and prospects for the future},
  author={Majidi, Carmel},
  journal={Soft Robotics},
  volume={1},
  number={1},
  pages={5--11},
  year={2014},
  publisher={Mary Ann Liebert, Inc. 140 Huguenot Street, 3rd Floor New Rochelle, NY 10801 USA}
};


@article{felt2018closed,
  title={A Closed-Form Kinematic Model for Fiber-Reinforced Elastomeric Enclosures},
  author={Felt, Wyatt and Remy, C David},
  journal={Journal of Mechanisms and Robotics},
  volume={10},
  number={1},
  pages={014501},
  year={2018},
  publisher={American Society of Mechanical Engineers}
};

@inproceedings{grissom2006design,
  title={Design and experimental testing of the octarm soft robot manipulator},
  author={Grissom, Michael D and Chitrakaran, Vilas and Dienno, Dustin and Csencits, Matthew and Pritts, Michael and Jones, Bryan and McMahan, William and Dawson, Darren and Rahn, Chris and Walker, Ian},
  booktitle={Unmanned Systems Technology VIII},
  volume={6230},
  pages={62301F},
  year={2006},
  organization={International Society for Optics and Photonics}
};

@misc{pridham1967bellows,
  title={Bellows actuator},
  author={Pridham, Jr Donald C},
  year={1967},
  month=may # "~16",
  publisher={Google Patents},
  note={US Patent 3,319,532}
};

@article{mosadegh2014pneumatic,
  title={Pneumatic networks for soft robotics that actuate rapidly},
  author={Mosadegh, Bobak and Polygerinos, Panagiotis and Keplinger, Christoph and Wennstedt, Sophia and Shepherd, Robert F and Gupta, Unmukt and Shim, Jongmin and Bertoldi, Katia and Walsh, Conor J and Whitesides, George M},
  journal={Advanced functional materials},
  volume={24},
  number={15},
  pages={2163--2170},
  year={2014},
  publisher={Wiley Online Library}
};

@article{marchese2014autonomous,
  title={Autonomous soft robotic fish capable of escape maneuvers using fluidic elastomer actuators},
  author={Marchese, Andrew D and Onal, Cagdas D and Rus, Daniela},
  journal={Soft Robotics},
  volume={1},
  number={1},
  pages={75--87},
  year={2014},
  publisher={Mary Ann Liebert, Inc. 140 Huguenot Street, 3rd Floor New Rochelle, NY 10801 USA}
};

@article{tolley2014resilient,
  title={A resilient, untethered soft robot},
  author={Tolley, Michael T and Shepherd, Robert F and Mosadegh, Bobak and Galloway, Kevin C and Wehner, Michael and Karpelson, Michael and Wood, Robert J and Whitesides, George M},
  journal={Soft robotics},
  volume={1},
  number={3},
  pages={213--223},
  year={2014},
  publisher={Mary Ann Liebert, Inc. 140 Huguenot Street, 3rd Floor New Rochelle, NY 10801 USA}
};

@article{hawkes2017soft,
  title={A soft robot that navigates its environment through growth},
  author={Hawkes, Elliot W and Blumenschein, Laura H and Greer, Joseph D and Okamura, Allison M},
  journal={Science Robotics},
  volume={2},
  number={8},
  pages={eaan3028},
  year={2017},
  publisher={Science Robotics}
};

@book{spong2008robot,
  title={Robot Dynamics And Control},
  author={Spong, M.W. and Vidyasagar, M.},
  isbn={9788126517800},
  url={https://books.google.com/books?id=PtxYAv7ZUYMC},
  year={2008},
  publisher={Wiley India Pvt. Limited}
};

@article{connolly2017automatic,
  title={Automatic design of fiber-reinforced soft actuators for trajectory matching},
  author={Connolly, Fionnuala and Walsh, Conor J and Bertoldi, Katia},
  journal={Proceedings of the National Academy of Sciences},
  volume={114},
  number={1},
  pages={51--56},
  year={2017},
  publisher={National Acad Sciences}
};

@inproceedings{krishnan2012evaluating,
  title={Evaluating mobility behavior of fluid filled fiber-reinforced elastomeric enclosures},
  author={Krishnan, Girish and Bishop-Moser, Joshua and Kim, Charles and Kota, Sridhar},
  booktitle={ASME 2012 International Design Engineering Technical Conferences and Computers and Information in Engineering Conference},
  pages={1089--1099},
  year={2012},
  organization={American Society of Mechanical Engineers}
};


@article{gilbertson2016soft,
  title={Soft Passive Valves for Serial Actuation in a Soft Hydraulic Robotic Catheter},
  author={Gilbertson, Mark D and McDonald, Gillian and Korinek, Gabriel and Van de Ven, James D and Kowalewski, Timothy M},
  journal={Journal of Medical Devices},
  volume={10},
  number={3},
  pages={030931},
  year={2016},
  publisher={American Society of Mechanical Engineers}
};

@inproceedings{pritts2004design,
  title={Design of an artificial muscle continuum robot},
  author={Pritts, Michael B and Rahn, Christopher D},
  booktitle={Robotics and Automation, 2004. Proceedings. ICRA'04. 2004 IEEE International Conference on},
  volume={5},
  pages={4742--4746},
  year={2004},
  organization={IEEE}
};

@inproceedings{bishop2013force,
  title={Force and moment generation of fiber-reinforced pneumatic soft actuators},
  author={Bishop-Moser, Joshua and Krishnan, Girish and Kota, Sridhar},
  booktitle={Intelligent Robots and Systems (IROS), 2013 IEEE/RSJ International Conference on},
  pages={4460--4465},
  year={2013},
  organization={IEEE}
}

@article{schaal2010learning,
  title={Learning control in robotics},
  author={Schaal, Stefan and Atkeson, Christopher G},
  journal={IEEE Robotics \& Automation Magazine},
  volume={17},
  number={2},
  pages={20--29},
  year={2010},
  publisher={IEEE}
}

@article{della2017controlling,
  title={Controlling soft robots: balancing feedback and feedforward elements},
  author={Della Santina, Cosimo and Bianchi, Matteo and Grioli, Giorgio and Angelini, Franco and Catalano, Manuel and Garabini, Manolo and Bicchi, Antonio},
  journal={IEEE Robotics \& Automation Magazine},
  volume={24},
  number={3},
  pages={75--83},
  year={2017},
  publisher={IEEE}
}

@article{mauroy2016linear,
  title={Linear identification of nonlinear systems: A lifting technique based on the Koopman operator},
  author={Mauroy, Alexandre and Goncalves, Jorge},
  journal={arXiv preprint arXiv:1605.04457},
  year={2016}
}

@article{mauroy2017koopman,
  title={Koopman-based lifting techniques for nonlinear systems identification},
  author={Mauroy, Alexandre and Goncalves, Jorge},
  journal={arXiv preprint arXiv:1709.02003},
  year={2017}
}

@book{MATLAB:2017,
year = {2017},
author = {MATLAB},
title = {version 7.10.0 (R2017a)},
publisher = {The MathWorks Inc.},
address = {Natick, Massachusetts}
}

@article{wolpert2011principles,
  title={Principles of sensorimotor learning},
  author={Wolpert, Daniel M and Diedrichsen, J{\"o}rn and Flanagan, J Randall},
  journal={Nature Reviews Neuroscience},
  volume={12},
  number={12},
  pages={739},
  year={2011},
  publisher={Nature Publishing Group}
}

@article{kawato1999internal,
  title={Internal models for motor control and trajectory planning},
  author={Kawato, Mitsuo},
  journal={Current opinion in neurobiology},
  volume={9},
  number={6},
  pages={718--727},
  year={1999},
  publisher={Elsevier}
}

@article{george2018control,
  title={Control Strategies for Soft Robotic Manipulators: A Survey},
  author={George Thuruthel, Thomas and Ansari, Yasmin and Falotico, Egidio and Laschi, Cecilia},
  journal={Soft robotics},
  volume={5},
  number={2},
  pages={149--163},
  year={2018},
  publisher={Mary Ann Liebert, Inc. 140 Huguenot Street, 3rd Floor New Rochelle, NY 10801 USA}
}


@inproceedings{gillespie2018learning,
  title={Learning nonlinear dynamic models of soft robots for model predictive control with neural networks},
  author={Gillespie, Morgan T and Best, Charles M and Townsend, Eric C and Wingate, David and Killpack, Marc D},
  booktitle={2018 IEEE International Conference on Soft Robotics (RoboSoft)},
  year={2018},
  organization={IEEE}
}

@book{lasota2013chaos,
  title={Chaos, fractals, and noise: stochastic aspects of dynamics},
  author={Lasota, Andrzej and Mackey, Michael C},
  volume={97},
  year={2013},
  publisher={Springer Science \& Business Media}
}

@book{higham2008functions,
  title={Functions of matrices: theory and computation},
  author={Higham, Nicholas J},
  volume={104},
  year={2008},
  publisher={Siam}
}

@inproceedings{stellato2018osqp,
  title={OSQP: An operator splitting solver for quadratic programs},
  author={Stellato, Bartolomeo and Banjac, Goran and Goulart, Paul and Bemporad, Alberto and Boyd, Stephen},
  booktitle={2018 UKACC 12th International Conference on Control (CONTROL)},
  pages={339--339},
  year={2018},
  organization={IEEE}
}

@article{budivsic2012applied,
  title={Applied koopmanism},
  author={Budi{\v{s}}i{\'c}, Marko and Mohr, Ryan and Mezi{\'c}, Igor},
  journal={Chaos: An Interdisciplinary Journal of Nonlinear Science},
  volume={22},
  number={4},
  pages={047510},
  year={2012},
  publisher={AIP}
}

@book{ljung1987system,
  title={System identification: theory for the user},
  author={Ljung, Lennart},
  year={1987},
  publisher={Prentice-hall}
}

@ARTICLE{bruder2018iros,
author={D. Bruder and A. Sedal and R. Vasudevan and C. D. Remy},
journal={IEEE Robotics and Automation Letters},
title={Force Generation by Parallel Combinations of Fiber-Reinforced Fluid-Driven Actuators},
year={2018},
volume={3},
number={4},
pages={3999-4006},
keywords={compliant mechanisms;design engineering;elastomers;pneumatic actuators;robot dynamics;force predictions;force generation;parallel combination;fiber-reinforced fluid-driven actuators;compliant structure;soft robotic systems;rigid-bodied robots;soft fluid-driven actuators;fiber-reinforced elastomeric enclosures;spatial forces;rigid structure;moment combinations;fully controllable multidimensional soft actuation;generalized forces;soft actuators;state dependent fluid Jacobian;soft system;force zonotope;multiple differently configured FREE;2-DOF test platform;Actuators;Force;Strain;Jacobian matrices;Kinematics;Robots;Cavity resonators;Soft material robotics;hydraulic/pneumatic actuators;force control},
doi={10.1109/LRA.2018.2859441},
ISSN={2377-3766},
month={Oct},}

@article{felt2016contraction,
  title={Contraction sensing with smart braid McKibben muscles},
  author={Felt, Wyatt and Chin, Khai Yi and Remy, C David},
  journal={IEEE/ASME Transactions on Mechatronics},
  volume={21},
  number={3},
  pages={1201--1209},
  year={2016},
  publisher={IEEE}
}

@article{felt2018modeling,
  title={Modeling and design of “Smart Braid” inductance sensors for fiber-reinforced elastomeric enclosures},
  author={Felt, Wyatt and Lu, Shihan and Remy, C David},
  journal={IEEE Sensors Journal},
  volume={18},
  number={7},
  pages={2827--2835},
  year={2018},
  publisher={IEEE}
}

@article{felt2017inductance,
  title={An inductance-based sensing system for bellows-driven continuum joints in soft robots},
  author={Felt, Wyatt and Telleria, Maria J and Allen, Thomas F and Hein, Gabriel and Pompa, Jonathan B and Albert, Kevin and Remy, C David},
  journal={Autonomous Robots},
  pages={1--14},
  year={2017},
  publisher={Springer}
}

@article{yang2013gauge,
  title={Gauge factor and stretchability of silicon-on-polymer strain gauges},
  author={Yang, Shixuan and Lu, Nanshu},
  journal={Sensors},
  volume={13},
  number={7},
  pages={8577--8594},
  year={2013},
  publisher={Multidisciplinary Digital Publishing Institute}
}

@article{kim2011epidermal,
  title={Epidermal electronics},
  author={Kim, Dae-Hyeong and Lu, Nanshu and Ma, Rui and Kim, Yun-Soung and Kim, Rak-Hwan and Wang, Shuodao and Wu, Jian and Won, Sang Min and Tao, Hu and Islam, Ahmad and others},
  journal={science},
  volume={333},
  number={6044},
  pages={838--843},
  year={2011},
  publisher={American Association for the Advancement of Science}
}

@article{lipson2014challenges,
  title={Challenges and opportunities for design, simulation, and fabrication of soft robots},
  author={Lipson, Hod},
  journal={Soft Robotics},
  volume={1},
  number={1},
  pages={21--27},
  year={2014},
  publisher={Mary Ann Liebert, Inc. 140 Huguenot Street, 3rd Floor New Rochelle, NY 10801 USA}
}

@article{webster2010design,
  title={Design and kinematic modeling of constant curvature continuum robots: A review},
  author={Webster III, Robert J and Jones, Bryan A},
  journal={The International Journal of Robotics Research},
  volume={29},
  number={13},
  pages={1661--1683},
  year={2010},
  publisher={SAGE Publications Sage UK: London, England}
}

@article{jones2006kinematics,
  title={Kinematics for multisection continuum robots},
  author={Jones, Bryan A and Walker, Ian D},
  journal={IEEE Transactions on Robotics},
  volume={22},
  number={1},
  pages={43--55},
  year={2006},
  publisher={IEEE}
}

@article{renda2014dynamic,
  title={Dynamic model of a multibending soft robot arm driven by cables},
  author={Renda, Federico and Giorelli, Michele and Calisti, Marcello and Cianchetti, Matteo and Laschi, Cecilia},
  journal={IEEE Transactions on Robotics},
  volume={30},
  number={5},
  pages={1109--1122},
  year={2014},
  publisher={IEEE}
}

@article{neppalli2009closed,
  title={Closed-form inverse kinematics for continuum manipulators},
  author={Neppalli, Srinivas and Csencsits, Matthew A and Jones, Bryan A and Walker, Ian D},
  journal={Advanced Robotics},
  volume={23},
  number={15},
  pages={2077--2091},
  year={2009},
  publisher={Taylor \& Francis}
}

@article{gravagne2003large,
  title={Large deflection dynamics and control for planar continuum robots},
  author={Gravagne, Ian A and Rahn, Christopher D and Walker, Ian D},
  journal={IEEE/ASME transactions on mechatronics},
  volume={8},
  number={2},
  pages={299--307},
  year={2003},
  publisher={IEEE}
}

@article{trivedi2008geometrically,
  title={Geometrically exact models for soft robotic manipulators},
  author={Trivedi, Deepak and Lotfi, Amir and Rahn, Christopher D},
  journal={IEEE Transactions on Robotics},
  volume={24},
  number={4},
  pages={773--780},
  year={2008},
  publisher={IEEE}
}

@article{williams2015data,
  title={A data--driven approximation of the koopman operator: Extending dynamic mode decomposition},
  author={Williams, Matthew O and Kevrekidis, Ioannis G and Rowley, Clarence W},
  journal={Journal of Nonlinear Science},
  volume={25},
  number={6},
  pages={1307--1346},
  year={2015},
  publisher={Springer}
}

@INPROCEEDINGS{Abraham-RSS-17, 
    AUTHOR    = {Ian Abraham AND Gerardo de la Torre AND Todd Murphey}, 
    TITLE     = {Model-Based Control Using Koopman Operators}, 
    BOOKTITLE = {Proceedings of Robotics: Science and Systems}, 
    YEAR      = {2017}, 
    ADDRESS   = {Cambridge, Massachusetts}, 
    MONTH     = {July}, 
    DOI       = {10.15607/RSS.2017.XIII.052} 
}

@article{korda2018linear,
  title={Linear predictors for nonlinear dynamical systems: Koopman operator meets model predictive control},
  author={Korda, Milan and Mezi{\'c}, Igor},
  journal={Automatica},
  volume={93},
  pages={149--160},
  year={2018},
  publisher={Elsevier}
}

@article{tibshirani1996regression,
  title={Regression shrinkage and selection via the lasso},
  author={Tibshirani, Robert},
  journal={Journal of the Royal Statistical Society. Series B (Methodological)},
  pages={267--288},
  year={1996},
  publisher={JSTOR}
}

@book{vogel2000cats,
  title={Cats' Paws and Catapults: Mechanical Worlds of Nature and People},
  author={Vogel, S. and Davis, K.K.},
  isbn={9780393319903},
  lccn={97044807},
  url={https://books.google.com/books?id=fdihsss71tAC},
  year={2000},
  publisher={Norton}
}

@article{thuruthel2018model,
  title={Model-Based Reinforcement Learning for Closed-Loop Dynamic Control of Soft Robotic Manipulators},
  author={Thuruthel, Thomas George and Falotico, Egidio and Renda, Federico and Laschi, Cecilia},
  journal={IEEE Transactions on Robotics},
  year={2018},
  publisher={IEEE}
}

@article{ansari2016sequential,
  title={Sequential Action Control: Closed-Form Optimal Control for Nonlinear and Nonsmooth Systems.},
  author={Ansari, Alexander R and Murphey, Todd D},
  journal={IEEE Trans. Robotics},
  volume={32},
  number={5},
  pages={1196--1214},
  year={2016}
}

@article{bruder2018nonlinear,
  title={Nonlinear System Identification of Soft Robot Dynamics Using Koopman Operator Theory},
  author={Bruder, Daniel and Remy, C David and Vasudevan, Ram},
  journal={arXiv preprint arXiv:1810.06637},
  year={2018}
}

@article{abraham2017model,
  title={Model-Based Control Using Koopman Operators},
  author={Abraham, Ian and De La Torre, Gerardo and Murphey, Todd D},
  journal={arXiv preprint arXiv:1709.01568},
  year={2017}
}

@article{tedrake2010lqr,
  title={LQR-trees: Feedback motion planning via sums-of-squares verification},
  author={Tedrake, Russ and Manchester, Ian R and Tobenkin, Mark and Roberts, John W},
  journal={The International Journal of Robotics Research},
  volume={29},
  number={8},
  pages={1038--1052},
  year={2010},
  publisher={SAGE Publications Sage UK: London, England}
}

@article{ilievski2011soft,
  title={Soft robotics for chemists},
  author={Ilievski, Filip and Mazzeo, Aaron D and Shepherd, Robert F and Chen, Xin and Whitesides, George M},
  journal={Angewandte Chemie},
  volume={123},
  number={8},
  pages={1930--1935},
  year={2011},
  publisher={Wiley Online Library}
}

@article{howell1996evaluation,
  title={Evaluation of equivalent spring stiffness for use in a pseudo-rigid-body model of large-deflection compliant mechanisms},
  author={Howell, Larry L and Midha, Ashok and Norton, TW},
  journal={Journal of Mechanical Design},
  volume={118},
  number={1},
  pages={126--131},
  year={1996},
  publisher={American Society of Mechanical Engineers}
}